@article{Aberg2013_worklike,
    author = "{\r{A}}berg, J.",
    doi = "10.1038/ncomms2712",
    journal = "Nature Communications",
    keywords = "single-shot,thermo",
    language = "english",
    month = "jun",
    pages = "1925",
    pmid = "23801350",
    publisher = "Nature Publishing Group",
    title = "Truly work-like work extraction via a single-shot analysis",
    volume = "4",
    year = "2013",
    archiveprefix = "arXiv",
    arxivid = "1110.6121",
    eprint = "1110.6121"
}

@article{Aberg2014PRL_catalytic,
    author = "{\r{A}}berg, J.",
    doi = "10.1103/PhysRevLett.113.150402",
    journal = "Physical Review Letters",
    keywords = "previoously--Aberg2013arXiv_catalytic",
    month = "oct",
    number = "15",
    pages = "150402",
    title = "Catalytic Coherence",
    volume = "113",
    year = "2014",
    archiveprefix = "arXiv",
    arxivid = "1304.1060",
    eprint = "1304.1060"
}

@article{Bartlett2006IJQI_dialogue,
    author = "Bartlett, S. D. and Rudolph, T. and Spekkens, R. W.",
    doi = "10.1142/S0219749906001591",
    journal = "International Journal of Quantum Information",
    keywords = "coherence,reference frames,superposition",
    month = "feb",
    number = "1",
    pages = "17--43",
    title = "Dialogue Concerning Two Views on Quantum Coherence: {F}actist and Fictionist",
    volume = "4",
    year = "2006",
    archiveprefix = "arXiv",
    arxivid = "quant-ph/0507214",
    eprint = "quant-ph/0507214"
}

@article{Bartlett2007_refframes,
    author = "Bartlett, S. and Rudolph, T. and Spekkens, R.",
    doi = "10.1103/RevModPhys.79.555",
    journal = "Reviews of Modern Physics",
    keywords = "reference frames",
    month = "apr",
    number = "2",
    pages = "555--609",
    publisher = "American Physical Society",
    title = "Reference frames, superselection rules, and quantum information",
    volume = "79",
    year = "2007",
    archiveprefix = "arXiv",
    arxivid = "quant-ph/0610030",
    eprint = "quant-ph/0610030"
}

@article{Baumgratz2014PRL_coherence,
    author = "Baumgratz, T. and Cramer, M. and Plenio, M. B.",
    doi = "10.1103/PhysRevLett.113.140401",
    journal = "Physical Review Letters",
    month = "sep",
    number = "14",
    pages = "140401",
    pmid = "18563150",
    title = "Quantifying Coherence",
    volume = "113",
    year = "2014",
    archiveprefix = "arXiv",
    arxivid = "1311.0275",
    eprint = "1311.0275"
}

@unpublished{Bjelakovic2003arXiv_revisted,
    author = "Bjelakovic, I. and Siegmund-Schultze, R.",
    keywords = "relative typical subspace set",
    month = "jul",
    title = "Quantum {Stein}'s lemma revisited, inequalities for quantum entropies, and a concavity theorem of {Lieb}",
    year = "2003",
    note = "\href{https://arxiv.org/abs/quant-ph/0307170}{arXiv:quant-ph/0307170}"
}

@article{Bjelakovic2004CMP_ergodic,
    author = "Bjelakovic, I. and Siegmund-Schultze, R.",
    doi = "10.1007/s00220-004-1054-2",
    journal = "Communications in Mathematical Physics",
    month = "jun",
    number = "3",
    pages = "697--712",
    title = "An Ergodic Theorem for the Quantum Relative Entropy",
    volume = "247",
    year = "2004",
    archiveprefix = "arXiv",
    arxivid = "quant-ph/0306094",
    eprint = "quant-ph/0306094"
}

@article{Bjelakovic2004IM_lattice,
    author = {Bjelakovi{\'c}, I. and Kr{\"u}ger, T. and Siegmund-Schultze, R. and Szko{\l}a, A.},
    doi = "10.1007/s00222-003-0318-3",
    journal = "Inventiones mathematicae",
    month = "jan",
    number = "1",
    pages = "203--222",
    title = "The {Shannon}-{McMillan} theorem for ergodic quantum lattice systems",
    volume = "155",
    year = "2004",
    archiveprefix = "arXiv",
    arxivid = "math/0207121",
    eprint = "math/0207121"
}

@article{Bjelakovic2005QIP_compression,
    author = "Bjelakovi{\'c}, I. and Szkola, A.",
    doi = "10.1007/s11128-003-3195-1",
    journal = "Quantum Information Processing",
    keywords = "previously--Bjelakovic2003arXiv_compression",
    month = "feb",
    number = "1",
    pages = "49--63",
    title = "The Data Compression Theorem for Ergodic Quantum Information Sources",
    volume = "4",
    year = "2005",
    archiveprefix = "arXiv",
    arxivid = "quant-ph/0301043",
    eprint = "quant-ph/0301043"
}

@book{BookBhatiaMatrixAnalysis1997,
    author = "Bhatia, R.",
    address = "New York",
    doi = "10.1007/978-1-4612-0653-8",
    publisher = "Springer",
    series = "Graduate Texts in Mathematics",
    title = "Matrix Analysis",
    year = "1997"
}

@book{BookBratteliRobinson_OpAlgQStatMech1,
    author = "Bratteli, O. and Robinson, D. W.",
    address = "Berlin, Heidelberg",
    doi = "10.1007/978-3-662-02520-8",
    isbn = "978-3-642-05736-6",
    publisher = "Springer",
    title = "Operator Algebras and Quantum Statistical Mechanics {I}: {C}*- and W*-Algebras. {S}ymmetry Groups. {D}ecomposition of States",
    year = "1987"
}

@book{BookBratteliRobinson_OpAlgQStatMech2,
    author = "Bratteli, O. and Robinson, D. W.",
    address = "Berlin, Heidelberg",
    doi = "10.1007/978-3-662-09089-3",
    isbn = "978-3-662-09091-6",
    publisher = "Springer",
    title = "Operator Algebras and Quantum Statistical Mechanics {II}: {E}quilibrium States. {M}odels in Quantum Statistical Mechanics",
    year = "1981"
}

@book{BookCallen_Thermo,
    author = "Callen, H. B.",
    isbn = "0471862568",
    publisher = "Wiley",
    title = "Thermodynamics and an Introduction to Thermostatistics",
    url = "https://books.google.com/books?id=XJ0RAQAAIAAJ\&pgis=1",
    year = "1985"
}

@book{BookCoverThomas2006_InfTheory,
    author = "Cover, T. M. and Thomas, J. A.",
    edition = "Second",
    isbn = "0471748811",
    keywords = "information theory textbook",
    publisher = "Wiley",
    title = "Elements of Information Theory",
    url = "https://books.google.com/books?id=EuhBluW31hsC\&pgis=1",
    year = "2006"
}

@book{BookHan_InfSpecMethods,
    author = "Han, T. S.",
    address = "Berlin, Heidelberg",
    annote = "Original Japanese edition published by Baifukan, Tokyo, 1998",
    doi = "10.1007/978-3-662-12066-8",
    isbn = "978-3-642-07812-5",
    keywords = "information spectrum,previously--BookHan02_InfSpecMethods",
    publisher = "Springer",
    series = "Stochastic Modelling and Applied Probability",
    title = "Information-Spectrum Methods in Information Theory",
    volume = "50",
    year = "2003"
}

@book{BookIsrael_ConvexityTheoryLatticeGases,
    author = "Israel, R. B.",
    annote = "Originally published: 1979. Formerly CIP.",
    isbn = "9780691606194",
    publisher = "{Princeton} University Press",
    title = "Convexity in the theory of lattice gases",
    url = "https://press.princeton.edu/titles/603.html",
    year = "2015"
}

@book{BookMarshall2010Inequalities,
    author = "Marshall, A. W. and Olkin, I. and Arnold, B. C.",
    address = "New York",
    doi = "10.1007/978-0-387-68276-1",
    isbn = "0387400877",
    keywords = "inequalities,majorization,thermo",
    publisher = "Springer",
    title = "Inequalities: {T}heory of Majorization and Its Applications",
    year = "2010"
}

@book{BookRuelle_StatMechRigorous,
    author = "Ruelle, D.",
    doi = "10.1142/4090",
    isbn = "978-981-02-3862-9",
    month = "apr",
    publisher = "World Scientific",
    title = "Statistical Mechanics: {R}igorous Results",
    year = "1999"
}

@book{BookTomamichel2016_Finite,
    author = "Tomamichel, M.",
    address = "Cham",
    doi = "10.1007/978-3-319-21891-5",
    isbn = "978-3-319-21890-8",
    publisher = "Springer International Publishing",
    series = "SpringerBriefs in Mathematical Physics",
    title = "Quantum Information Processing with Finite Resources",
    volume = "5",
    year = "2016",
    archiveprefix = "arXiv",
    arxivid = "1504.00233",
    eprint = "1504.00233"
}

@book{BookWilde2013QIT,
    author = "Wilde, M. M.",
    doi = "10.1017/CBO9781139525343",
    isbn = "9781139525343",
    keywords = "book,quantum information,textbook,wilde",
    month = "jun",
    publisher = "Cambridge University Press",
    title = "Quantum Information Theory",
    year = "2013",
    archiveprefix = "arXiv",
    arxivid = "1106.1445",
    eprint = "1106.1445"
}

@inproceedings{Bowen2006ISIT_beyondiid,
    author = "Bowen, G. and Datta, N.",
    booktitle = "IEEE International Symposium on Information Theory (ISIT)",
    doi = "10.1109/ISIT.2006.261709",
    isbn = "1-4244-0505-X",
    month = "jul",
    pages = "451--455",
    pmid = "23289044",
    publisher = "IEEE",
    title = "Beyond {i.i.d.} in Quantum Information Theory",
    year = "2006",
    archiveprefix = "arXiv",
    arxivid = "quant-ph/0604013",
    eprint = "quant-ph/0604013"
}

@unpublished{Bowen2006arXiv_arbitrary,
    author = "Bowen, G. and Datta, N.",
    month = "sep",
    title = "Quantum Coding Theorems for Arbitrary Sources, Channels and Entanglement Resources",
    year = "2006",
    note = "\href{https://arxiv.org/abs/quant-ph/0610003}{arXiv:quant-ph/0610003}"
}

@article{Brandao2010CMP_Stein,
    author = "Brand{\~a}o, F. G. S. L. and Plenio, M. B.",
    doi = "10.1007/s00220-010-1005-z",
    journal = "Communications in Mathematical Physics",
    month = "feb",
    number = "3",
    pages = "791--828",
    title = "A Generalization of Quantum {Stein}'s Lemma",
    volume = "295",
    year = "2010",
    archiveprefix = "arXiv",
    arxivid = "0904.0281",
    eprint = "0904.0281"
}

@article{Brandao2011IEEETIT_oneshot,
    author = "Brand{\~a}o, F. G. S. L. and Datta, N.",
    doi = "10.1109/TIT.2011.2104531",
    journal = "IEEE Transactions on Information Theory",
    keywords = "Entanglement manipulation,logarithmic robustness,min- and max-relative entropies of entanglement,non-entangling maps",
    month = "mar",
    number = "3",
    pages = "1754--1760",
    title = "One-Shot Rates for Entanglement Manipulation Under Non-entangling Maps",
    volume = "57",
    year = "2011",
    archiveprefix = "arXiv",
    arxivid = "0905.2673",
    eprint = "0905.2673"
}

@article{Brandao2013_resource,
    author = "Brand{\~a}o, F. G. S. L. and Horodecki, M. and Oppenheim, J. and Renes, J. M. and Spekkens, R. W.",
    annote = "NULL",
    doi = "10.1103/PhysRevLett.111.250404",
    journal = "Physical Review Letters",
    keywords = "resource theory,thermo",
    month = "dec",
    number = "25",
    pages = "250404",
    title = "Resource Theory of Quantum States Out of Thermal Equilibrium",
    volume = "111",
    year = "2013",
    archiveprefix = "arXiv",
    arxivid = "1111.3882",
    eprint = "1111.3882"
}

@article{Brandao2015PNAS_secondlaws,
    author = "Brand{\~a}o, F. and Horodecki, M. and Ng, N. and Oppenheim, J. and Wehner, S.",
    doi = "10.1073/pnas.1411728112",
    journal = "Proceedings of the National Academy of Sciences",
    keywords = "equivalence of work storage models,thermo",
    month = "mar",
    number = "11",
    pages = "3275--3279",
    title = "The second laws of quantum thermodynamics",
    volume = "112",
    year = "2015",
    archiveprefix = "arXiv",
    arxivid = "1305.5278",
    eprint = "1305.5278"
}

@article{Buscemi2010IEEETIT_capacity,
    author = "Buscemi, F. and Datta, N.",
    doi = "10.1109/TIT.2009.2039166",
    journal = "IEEE Transactions on Information Theory",
    month = "mar",
    number = "3",
    pages = "1447--1460",
    title = "The Quantum Capacity of Channels With Arbitrarily Correlated Noise",
    volume = "56",
    year = "2010",
    archiveprefix = "arXiv",
    arxivid = "0902.0158",
    eprint = "0902.0158"
}

@article{Chitambar2019RMP_resource,
    author = "Chitambar, E. and Gour, G.",
    doi = "10.1103/RevModPhys.91.025001",
    journal = "Reviews of Modern Physics",
    keywords = "previously--Chitambar2018arXiv_resource",
    month = "apr",
    number = "2",
    pages = "025001",
    title = "Quantum resource theories",
    volume = "91",
    year = "2019",
    archiveprefix = "arXiv",
    arxivid = "1806.06107",
    eprint = "1806.06107"
}

@article{Chubb2018Qu_beyond,
    author = "Chubb, C. T. and Tomamichel, M. and Korzekwa, K.",
    doi = "10.22331/q-2018-11-27-108",
    journal = "Quantum",
    keywords = "previously--Chubb2017arXiv_beyond",
    month = "nov",
    pages = "108",
    title = "Beyond the thermodynamic limit: finite-size corrections to state interconversion rates",
    volume = "2",
    year = "2018",
    archiveprefix = "arXiv",
    arxivid = "1711.01193",
    eprint = "1711.01193"
}

@article{DAlessio2016AP_chaos,
    author = "D'Alessio, L. and Kafri, Y. and Polkovnikov, A. and Rigol, M.",
    doi = "10.1080/00018732.2016.1198134",
    journal = "Advances in Physics",
    month = "may",
    number = "3",
    pages = "239--362",
    title = "From quantum chaos and eigenstate thermalization to statistical mechanics and thermodynamics",
    volume = "65",
    year = "2016"
}

@article{Dahlsten2011NJP_inadequacy,
    author = "Dahlsten, O. C. O. and Renner, R. and Rieper, E. and Vedral, V.",
    doi = "10.1088/1367-2630/13/5/053015",
    journal = "New Journal of Physics",
    keywords = "thermo",
    month = "may",
    number = "5",
    pages = "53015",
    title = "Inadequacy of von {Neumann} entropy for characterizing extractable work",
    volume = "13",
    year = "2011",
    archiveprefix = "arXiv",
    arxivid = "0908.0424",
    eprint = "0908.0424"
}

@article{Dana2017PRA_beyond,
    author = "Ben Dana, K. and Garc{\'\i}a D{\'\i}az, M. and Mejatty, M. and Winter, A.",
    doi = "10.1103/PhysRevA.95.062327",
    journal = "Physical Review A",
    month = "jun",
    number = "6",
    pages = "062327",
    title = "Resource theory of coherence: {B}eyond states",
    volume = "95",
    year = "2017",
    archiveprefix = "arXiv",
    arxivid = "1704.03710",
    eprint = "1704.03710"
}

@article{Datta2009IEEE_InfSpec,
    author = "Datta, N. and Renner, R.",
    doi = "10.1109/TIT.2009.2018340",
    journal = "IEEE Transactions on Information Theory",
    keywords = "entropies",
    month = "jun",
    number = "6",
    pages = "2807--2815",
    title = "Smooth Entropies and the Quantum Information Spectrum",
    volume = "55",
    year = "2009",
    archiveprefix = "arXiv",
    arxivid = "0801.0282",
    eprint = "0801.0282"
}

@article{Datta2009IEEE_minmax,
    author = "Datta, N.",
    doi = "10.1109/TIT.2009.2018325",
    journal = "IEEE Transactions on Information Theory",
    keywords = "entanglement monotone,information spectrum,max-rel",
    month = "jun",
    number = "6",
    pages = "2816--2826",
    title = "Min- and Max-Relative Entropies and a New Entanglement Monotone",
    volume = "55",
    year = "2009",
    archiveprefix = "arXiv",
    arxivid = "0803.2770",
    eprint = "0803.2770"
}

@article{Diaz2018Qu_reusing,
    author = "D{\'\i}az, M. G. and Fang, K. and Wang, X. and Rosati, M. and Skotiniotis, M. and Calsamiglia, J. and Winter, A.",
    doi = "10.22331/q-2018-10-19-100",
    journal = "Quantum",
    month = "oct",
    pages = "100",
    title = "Using and reusing coherence to realize quantum processes",
    volume = "2",
    year = "2018",
    archiveprefix = "arXiv",
    arxivid = "1805.04045",
    eprint = "1805.04045"
}

@inproceedings{Dupuis2013_DH,
    author = "Dupuis, F. and Kraemer, L. and Faist, P. and Renes, J. M. and Renner, R.",
    booktitle = "XVIIth International Congress on Mathematical Physics",
    doi = "10.1142/9789814449243_0008",
    month = "nov",
    pages = "134--153",
    title = "Generalized Entropies",
    year = "2013",
    archiveprefix = "arXiv",
    arxivid = "1211.3141",
    eprint = "1211.3141"
}

@article{Esposito2009RMP_nonequilibrium,
    author = "Esposito, M. and Harbola, U. and Mukamel, S.",
    doi = "10.1103/RevModPhys.81.1665",
    journal = "Reviews of Modern Physics",
    month = "dec",
    number = "4",
    pages = "1665--1702",
    title = "Nonequilibrium fluctuations, fluctuation theorems, and counting statistics in quantum systems",
    volume = "81",
    year = "2009",
    archiveprefix = "arXiv",
    arxivid = "0811.3717",
    eprint = "0811.3717"
}

@article{Faist2015NatComm,
    author = "Faist, P. and Dupuis, F. and Oppenheim, J. and Renner, R.",
    doi = "10.1038/ncomms8669",
    journal = "Nature Communications",
    month = "jul",
    pages = "7669",
    publisher = "Nature Publishing Group",
    title = "The minimal work cost of information processing",
    volume = "6",
    year = "2015",
    archiveprefix = "arXiv",
    arxivid = "1211.1037",
    eprint = "1211.1037"
}

@article{Faist2018PRX_workcost,
    author = "Faist, P. and Renner, R.",
    doi = "10.1103/PhysRevX.8.021011",
    journal = "Physical Review X",
    month = "apr",
    number = "2",
    pages = "021011",
    title = "Fundamental Work Cost of Quantum Processes",
    volume = "8",
    year = "2018",
    archiveprefix = "arXiv",
    arxivid = "1709.00506",
    eprint = "1709.00506"
}

@article{Goold2016JPA_review,
    author = "Goold, J. and Huber, M. and Riera, A. and del Rio, L. and Skrzypczyk, P.",
    doi = "10.1088/1751-8113/49/14/143001",
    journal = "Journal of Physics A: Mathematical and Theoretical",
    keywords = "{Landauer}'s principle,quantum thermodynamics,review,thermo",
    month = "apr",
    number = "14",
    pages = "143001",
    title = "The role of quantum information in thermodynamics{\textemdash}a topical review",
    volume = "49",
    year = "2016",
    archiveprefix = "arXiv",
    arxivid = "1505.07835",
    eprint = "1505.07835"
}

@article{Gour2018NatComm_entropic,
    author = "Gour, G. and Jennings, D. and Buscemi, F. and Duan, R. and Marvian, I.",
    doi = "10.1038/s41467-018-06261-7",
    journal = "Nature Communications",
    keywords = "previously--Gour2017arXiv_entropic",
    month = "dec",
    number = "1",
    pages = "5352",
    title = "Quantum majorization and a complete set of entropic conditions for quantum thermodynamics",
    volume = "9",
    year = "2018",
    archiveprefix = "arXiv",
    arxivid = "1708.04302",
    eprint = "1708.04302"
}

@article{Guryanova2016NatComm_multiple,
    author = "Guryanova, Y. and Popescu, S. and Short, A. J. and Silva, R. and Skrzypczyk, P.",
    doi = "10.1038/ncomms12049",
    journal = "Nature Communications",
    month = "jul",
    pages = "12049",
    title = "Thermodynamics of quantum systems with multiple conserved quantities",
    volume = "7",
    year = "2016",
    archiveprefix = "arXiv",
    arxivid = "1512.01190",
    eprint = "1512.01190"
}

@article{Han2000IEEETIT_hypothesis,
    author = "Han, T. S.",
    doi = "10.1109/18.887854",
    journal = "IEEE Transactions on Information Theory",
    number = "7",
    pages = "2415--2427",
    title = "Hypothesis testing with the general source",
    volume = "46",
    year = "2000",
    archiveprefix = "arXiv",
    arxivid = "math/0004121",
    eprint = "math/0004121"
}

@article{Hiai1991CMP_proper,
    author = "Hiai, F. and Petz, D.",
    doi = "10.1007/BF02100287",
    journal = "Communications in Mathematical Physics",
    keywords = "{Stein}'s lemma",
    month = "dec",
    number = "1",
    pages = "99--114",
    title = "The proper formula for relative entropy and its asymptotics in quantum probability",
    volume = "143",
    year = "1991"
}

@incollection{HindsMingo2018_multiple,
    author = "Hinds Mingo, E. and Guryanova, Y. and Faist, P. and Jennings, D.",
    editor = "Binder, Felix and Correa, Luis A. and Gogolin, Christian and Anders, Janet and Adesso, Gerardo",
    address = "Heidelberg",
    booktitle = "Thermodynamics in the Quantum Regime",
    chapter = "31",
    doi = "10.1007/978-3-319-99046-0_31",
    isbn = "978-3-319-99046-0",
    keywords = "previously--HindsMingo2018arXiv_multiple",
    pages = "751--771",
    publisher = "Springer, Cham",
    title = "Quantum Thermodynamics with Multiple Conserved Quantities",
    year = "2018",
    archiveprefix = "arXiv",
    arxivid = "1806.08325",
    eprint = "1806.08325"
}

@article{Horodecki2003PRA_NoisyOps,
    author = "Horodecki, M. and Horodecki, P. and Oppenheim, J.",
    doi = "10.1103/PhysRevA.67.062104",
    journal = "Physical Review A",
    month = "jun",
    number = "6",
    pages = "062104",
    publisher = "American Physical Society",
    title = "Reversible transformations from pure to mixed states and the unique measure of information",
    volume = "67",
    year = "2003",
    archiveprefix = "arXiv",
    arxivid = "quant-ph/0212019",
    eprint = "quant-ph/0212019"
}

@article{Horodecki2013_ThermoMaj,
    author = "Horodecki, M. and Oppenheim, J.",
    doi = "10.1038/ncomms3059",
    journal = "Nature Communications",
    keywords = "Condensed Matter - Mesoscale and Nanoscale Physics,Condensed Matter - Statistical Mechanics,Quantum Physics",
    language = "english",
    month = "jun",
    pages = "2059",
    publisher = "Nature Publishing Group",
    title = "Fundamental limitations for quantum and nanoscale thermodynamics",
    volume = "4",
    year = "2013",
    archiveprefix = "arXiv",
    arxivid = "1111.3834",
    eprint = "1111.3834"
}

@article{Janzing2000_cost,
    author = "Janzing, D. and Wocjan, P. and Zeier, R. and Geiss, R. and Beth, T.",
    doi = "10.1023/A:1026422630734",
    journal = "International Journal of Theoretical Physics",
    keywords = "thermo",
    month = "feb",
    number = "12",
    pages = "2717--2753",
    title = "Thermodynamic Cost of Reliability and Low Temperatures: {T}ightening {Landauer}'s Principle and the Second Law",
    volume = "39",
    year = "2000",
    archiveprefix = "arXiv",
    arxivid = "quant-ph/0002048",
    eprint = "quant-ph/0002048"
}

@article{Jiao2018JMP_convertibility,
    author = "Jiao, Y. and Wakakuwa, E. and Ogawa, T.",
    doi = "10.1063/1.5013183",
    journal = "Journal of Mathematical Physics",
    month = "feb",
    number = "2",
    pages = "022201",
    title = "Asymptotic convertibility of entanglement: {A}n information-spectrum approach to entanglement concentration and dilution",
    volume = "59",
    year = "2018",
    archiveprefix = "arXiv",
    arxivid = "1701.09050",
    eprint = "1701.09050"
}

@article{Korzekwa2016NJP_extraction,
    author = "Korzekwa, K. and Lostaglio, M. and Oppenheim, J. and Jennings, D.",
    doi = "10.1088/1367-2630/18/2/023045",
    journal = "New Journal of Physics",
    month = "feb",
    number = "2",
    pages = "023045",
    title = "The extraction of work from quantum coherence",
    volume = "18",
    year = "2016",
    archiveprefix = "arXiv",
    arxivid = "1506.07875",
    eprint = "1506.07875"
}

@article{Lenci2005JSP_onephase,
    author = "Lenci, M. and Rey-Bellet, L.",
    doi = "10.1007/s10955-005-3015-3",
    journal = "Journal of Statistical Physics",
    keywords = "Fermi gas,{Gibbs} - {KMS} states,High temperature,One dimension,Quantum large deviations,Quantum spins",
    month = "may",
    number = "3-4",
    pages = "715--746",
    title = "Large Deviations in Quantum Lattice Systems: {O}ne-Phase Region",
    volume = "119",
    year = "2005",
    archiveprefix = "arXiv",
    arxivid = "math-ph/0406065",
    eprint = "math-ph/0406065"
}

@article{Lieb1999_secondlaw,
    author = "Lieb, E. H. and Yngvason, J.",
    doi = "10.1016/S0370-1573(98)00082-9",
    journal = "Physics Reports",
    keywords = "05.70.{\ensuremath{-}}a,Entropy,MSC 80A05,MSC 80A10,Second law,Thermodynamics,aximatization,second law,thermo",
    month = "mar",
    number = "1",
    pages = "1--96",
    title = "The physics and mathematics of the second law of thermodynamics",
    volume = "310",
    year = "1999",
    archiveprefix = "arXiv",
    arxivid = "cond-mat/9708200",
    eprint = "cond-mat/9708200"
}

@incollection{Lieb2004_guide_secondlaw,
    author = "Lieb, E. H. and Yngvason, J.",
    editor = "Nachtergaele, Bruno and Solovej, Jan Philip and Yngvason, Jakob",
    booktitle = "Statistical Mechanics",
    doi = "10.1007/978-3-662-10018-9_19",
    isbn = "978-3-642-06092-2",
    pages = "353--363",
    publisher = "Springer Berlin Heidelberg",
    title = "A Guide to Entropy and the Second Law of Thermodynamics",
    year = "2004",
    archiveprefix = "arXiv",
    arxivid = "math-ph/9805005",
    eprint = "math-ph/9805005"
}

@article{Lieb2013_entropy_noneq,
    author = "Lieb, E. H. and Yngvason, J.",
    doi = "10.1098/rspa.2013.0408",
    journal = "Proceedings of the Royal Society A",
    month = "oct",
    number = "2158",
    pages = "20130408",
    pmid = "24101892",
    title = "The entropy concept for non-equilibrium states",
    volume = "469",
    year = "2013",
    archiveprefix = "arXiv",
    arxivid = "1305.3912",
    eprint = "1305.3912"
}

@article{Lieb2014PRSA_meter,
    author = "Lieb, E. H. and Yngvason, J.",
    doi = "10.1098/rspa.2014.0192",
    journal = "Proceedings of the Royal Society A",
    month = "jul",
    number = "2167",
    pages = "20140192",
    pmid = "25002830",
    title = "Entropy meters and the entropy of non-extensive systems",
    volume = "470",
    year = "2014",
    archiveprefix = "arXiv",
    arxivid = "1403.0902",
    eprint = "1403.0902"
}

@article{Lostaglio2015NC_beyond,
    author = "Lostaglio, M. and Jennings, D. and Rudolph, T.",
    doi = "10.1038/ncomms7383",
    journal = "Nature communications",
    keywords = "coherence,quantum thermodynamics",
    language = "english",
    month = "jan",
    pages = "6383",
    pmid = "25754774",
    publisher = "Nature Publishing Group",
    title = "Description of quantum coherence in thermodynamic processes requires constraints beyond free energy",
    volume = "6",
    year = "2015",
    archiveprefix = "arXiv",
    arxivid = "1405.2188",
    eprint = "1405.2188"
}

@unpublished{Lostaglio2018arXiv_broadcast,
    author = "Lostaglio, M. and Mueller, M. P.",
    month = "dec",
    title = "Coherence and asymmetry cannot be broadcast",
    year = "2018",
    note = "\href{https://arxiv.org/abs/1812.08214}{arXiv:1812.08214}"
}

@article{Marvian2014NC_extending,
    author = "Marvian, I. and Spekkens, R. W.",
    doi = "10.1038/ncomms4821",
    journal = "Nature Communications",
    month = "dec",
    number = "1",
    pages = "3821",
    pmid = "24819237",
    publisher = "Nature Publishing Group",
    title = "Extending Noether's theorem by quantifying the asymmetry of quantum states",
    volume = "5",
    year = "2014",
    archiveprefix = "arXiv",
    arxivid = "1404.3236",
    eprint = "1404.3236"
}

@article{Marvian2014PRA_modes,
    author = "Marvian, I. and Spekkens, R. W.",
    doi = "10.1103/PhysRevA.90.062110",
    journal = "Physical Review A",
    month = "dec",
    number = "6",
    pages = "062110",
    title = "Modes of asymmetry: {T}he application of harmonic analysis to symmetric quantum dynamics and quantum reference frames",
    volume = "90",
    year = "2014",
    archiveprefix = "arXiv",
    arxivid = "1312.0680",
    eprint = "1312.0680"
}

@unpublished{Marvian2018arXiv_distillation,
    author = "Marvian, I.",
    month = "may",
    title = "Coherence distillation machines are impossible in quantum thermodynamics",
    year = "2018",
    note = "\href{https://arxiv.org/abs/1805.01989}{arXiv:1805.01989}"
}

@unpublished{Matsumoto2010arXiv_reverse,
    author = "Matsumoto, K.",
    month = "oct",
    title = "Reverse Test and Characterization of Quantum Relative Entropy",
    year = "2010",
    note = "\href{https://arxiv.org/abs/1010.1030}{arXiv:1010.1030}"
}

@article{Matthews2014IEEETIT_blocklength,
    author = "Matthews, W. and Wehner, S.",
    doi = "10.1109/TIT.2014.2353614",
    journal = "IEEE Transactions on Information Theory",
    month = "nov",
    number = "11",
    pages = "7317--7329",
    title = "Finite Blocklength Converse Bounds for Quantum Channels",
    volume = "60",
    year = "2014",
    archiveprefix = "arXiv",
    arxivid = "1210.4722",
    eprint = "1210.4722"
}

@article{Nagaoka2007IEEETIT_hypothesis,
    author = "Nagaoka, H. and Hayashi, M.",
    doi = "10.1109/TIT.2006.889463",
    journal = "IEEE Transactions on Information Theory",
    keywords = "Classical hypothesis testing,Fixed-length source coding,Information spectrum,Optimal exponent,Quantum hypothesis testing",
    month = "feb",
    number = "2",
    pages = "534--549",
    title = "An Information-Spectrum Approach to Classical and Quantum Hypothesis Testing for Simple Hypotheses",
    volume = "53",
    year = "2007",
    archiveprefix = "arXiv",
    arxivid = "quant-ph/0206185",
    eprint = "quant-ph/0206185"
}

@article{Ogata2013LMP_shannonmcmillan,
    author = "Ogata, Y.",
    doi = "10.1007/s11005-013-0647-0",
    journal = "Letters in Mathematical Physics",
    keywords = "quantum {Shannon}-{McMillan} theorem,variational principle",
    month = "dec",
    number = "12",
    pages = "1367--1376",
    title = "The {Shannon}-{McMillan} Theorem for AF C*-systems",
    volume = "103",
    year = "2013",
    archiveprefix = "arXiv",
    arxivid = "1303.2288",
    eprint = "1303.2288"
}

@article{Ogawa2000IEEETIT_Stein,
    author = "Nagaoka, H. and Ogawa, T.",
    doi = "10.1109/18.887855",
    journal = "IEEE Transactions on Information Theory",
    number = "7",
    pages = "2428--2433",
    title = "Strong converse and {Stein}'s lemma in quantum hypothesis testing",
    volume = "46",
    year = "2000",
    archiveprefix = "arXiv",
    arxivid = "quant-ph/9906090",
    eprint = "quant-ph/9906090"
}

@article{Parrondo2015NPhys_thermodynamics,
    author = "Parrondo, J. M. R. and Horowitz, J. M. and Sagawa, T.",
    doi = "10.1038/nphys3230",
    journal = "Nature Physics",
    number = "2",
    pages = "131--139",
    title = "Thermodynamics of information",
    volume = "11",
    year = "2015",
    archiveprefix = "arXiv",
    arxivid = "0903.2792",
    eprint = "0903.2792"
}

@phdthesis{PhDMirjam2017,
    author = "Weilenmann, M.",
    keywords = "Mirjam,axiomatic thermodynamics,phd,phdweilenmann",
    month = "jul",
    school = "University of York",
    title = "Quantum Causal Structure and Quantum Thermodynamics",
    year = "2017",
    note = "\href{https://arxiv.org/abs/1807.06345}{arXiv:1807.06345}"
}

@phdthesis{PhDTomamichel2012,
    author = "Tomamichel, M.",
    doi = "10.3929/ethz-a-7356080",
    month = "mar",
    number = "20213",
    school = "ETH Zurich",
    title = "A Framework for Non-Asymptotic Quantum Information Theory",
    year = "2012",
    note = "\href{https://arxiv.org/abs/1203.2142}{arXiv:1203.2142}"
}

@article{Popescu2018PTRSA_applications,
    author = "Popescu, S. and Sainz, A. B. and Short, A. J. and Winter, A.",
    doi = "10.1098/rsta.2018.0111",
    journal = "Philosophical Transactions of the Royal Society A: Mathematical, Physical and Engineering Sciences",
    keywords = "previously--Popescu2018arXiv_applications",
    month = "jul",
    number = "2123",
    pages = "20180111",
    title = "Quantum reference frames and their applications to thermodynamics",
    volume = "376",
    year = "2018",
    archiveprefix = "arXiv",
    arxivid = "1804.03730",
    eprint = "1804.03730"
}

@inproceedings{Renyi1960_MeasOfEntrAndInf,
    author = "R{\'e}nyi, A.",
    booktitle = "Proceedings of the Fourth Berkeley Symposium on Mathematical Statistics and Probability, Vol. 1: Contributions to the Theory of Statistics",
    month = "jun",
    pages = "547--561",
    title = "On Measures of Entropy and Information",
    url = "http://projecteuclid.org/euclid.bsmsp/1200512181",
    year = "1960"
}

@article{Rigol2008Nat_ETH,
    author = "Rigol, M. and Dunjko, V. and Olshanii, M.",
    doi = "10.1038/nature06838",
    journal = "Nature",
    month = "apr",
    number = "7189",
    pages = "854--858",
    pmid = "18421349",
    title = "Thermalization and its mechanism for generic isolated quantum systems",
    volume = "452",
    year = "2008",
    archiveprefix = "arXiv",
    arxivid = "0708.1324",
    eprint = "0708.1324"
}

@article{Ruch1978JCP,
    author = "Ruch, E. and Schranner, R. and Seligman, T. H.",
    doi = "10.1063/1.436364",
    journal = "The Journal of Chemical Physics",
    keywords = "thermo",
    number = "1",
    pages = "386",
    publisher = "AIP",
    title = "The mixing distance",
    volume = "69",
    year = "1978"
}

@unpublished{Sagawa-CMP-inprep,
    author = "Sagawa, T. and Faist, P. and Kato, K. and Matsumoto, K. and Nagaoka, H. and Brand{\~a}o, F. G. S. L.",
    year = "2019",
    note = "to appear"
}

@incollection{Sagawa2012LQC_secondlawlike,
    author = "Sagawa, T.",
    editor = "Nakahara, Mikio and Tanaka, Shu",
    booktitle = "Lectures on Quantum Computing, Thermodynamics and Statistical Physics",
    doi = "10.1142/9789814425193_0003",
    month = "dec",
    pages = "125--190",
    publisher = "World Scientific",
    title = "Second Law-Like Inequalities with Quantum Relative Entropy: {A}n Introduction",
    year = "2012",
    archiveprefix = "arXiv",
    arxivid = "1202.0983",
    eprint = "1202.0983"
}

@inproceedings{Schoenmakers2007ISIT_Renyi,
    author = "Schoenmakers, B. and Tjoelker, J. and Tuyls, P. and Verbitskiy, E.",
    booktitle = "IEEE International Symposium on Information Theory (ISIT)",
    doi = "10.1109/ISIT.2007.4557235",
    isbn = "978-1-4244-1397-3",
    month = "jun",
    pages = "256--260",
    publisher = "IEEE",
    title = "Smooth {R{\'{e}}nyi} Entropy of Ergodic Quantum Information Sources",
    year = "2007",
    archiveprefix = "arXiv",
    arxivid = "0704.3504",
    eprint = "0704.3504"
}

@article{Seifert2012RPP_stochastic,
    author = "Seifert, U.",
    doi = "10.1088/0034-4885/75/12/126001",
    journal = "Reports on Progress in Physics",
    keywords = "Feedback,Hot Temperature,Models,Molecular Motor Proteins,Molecular Motor Proteins: metabolism,Stochastic Processes,Theoretical,Thermodynamics,entropy production,fluctuation theorems,quantum thermodynamics",
    month = "dec",
    number = "12",
    pages = "126001",
    pmid = "23168354",
    title = "Stochastic thermodynamics, fluctuation theorems and molecular machines",
    volume = "75",
    year = "2012",
    archiveprefix = "arXiv",
    arxivid = "1205.4176",
    eprint = "1205.4176"
}

@article{Skrzypczyk2014NComm_individual,
    author = "Skrzypczyk, P. and Short, A. J. and Popescu, S.",
    doi = "10.1038/ncomms5185",
    journal = "Nature communications",
    keywords = "thermo",
    month = "jan",
    pages = "4185",
    pmid = "24969511",
    title = "Work extraction and thermodynamics for individual quantum systems.",
    volume = "5",
    year = "2014",
    archiveprefix = "arXiv",
    arxivid = "1307.1558",
    eprint = "1307.1558"
}

@article{Srednicki1994PRE_ETH,
    author = "Srednicki, M.",
    doi = "10.1103/PhysRevE.50.888",
    journal = "Physical Review E",
    keywords = "ETH,eigenstate thermalization",
    month = "aug",
    number = "2",
    pages = "888--901",
    pmid = "9962049",
    title = "Chaos and quantum thermalization",
    volume = "50",
    year = "1994",
    archiveprefix = "arXiv",
    arxivid = "cond-mat/9403051",
    eprint = "cond-mat/9403051"
}

@unpublished{Tajima2016arXiv_large,
    author = "Tajima, H. and Wakakuwa, E. and Ogawa, T.",
    month = "nov",
    title = "Large Deviation implies First and Second Laws of Thermodynamics",
    year = "2016",
    note = "\href{https://arxiv.org/abs/1611.06614}{arXiv:1611.06614}"
}

@article{Tasaki2018JSP_equivalence,
    author = "Tasaki, H.",
    doi = "10.1007/s10955-018-2077-y",
    journal = "Journal of Statistical Physics",
    keywords = "Equilibrium states,Equivalence of ensembles,Quantum spin systems,Thermodynamic functions",
    month = "aug",
    number = "4",
    pages = "905--926",
    publisher = "Springer US",
    title = "On the Local Equivalence Between the Canonical and the Microcanonical Ensembles for Quantum Spin Systems",
    volume = "172",
    year = "2018",
    archiveprefix = "arXiv",
    arxivid = "1609.06983",
    eprint = "1609.06983"
}

@article{Tomamichel2013_hierarchy,
    author = "Tomamichel, M. and Hayashi, M.",
    doi = "10.1109/TIT.2013.2276628",
    journal = "IEEE Transactions on Information Theory",
    keywords = "Channel coding,Entropy,Finite block length,Protocols,Quantum mechanics,Random variables,Testing,classical information spectrum,data compression,entropies,finite block length analysis,finite block lengths,hypothesis testing entropy,{i.i.d.} limit,information spectrum,one-shot entropies,quantum computing,quantum domain,quantum information spectrum,quantum information theory,quantum side information,quantum tasks,randomness extraction,second-order asymptotics,source compression",
    month = "nov",
    number = "11",
    pages = "7693--7710",
    title = "A Hierarchy of Information Quantities for Finite Block Length Analysis of Quantum Tasks",
    volume = "59",
    year = "2013",
    archiveprefix = "arXiv",
    arxivid = "1208.1478",
    eprint = "1208.1478"
}

@article{Wang2012PRL_oneshot,
    author = "Wang, L. and Renner, R.",
    doi = "10.1103/PhysRevLett.108.200501",
    journal = "Physical Review Letters",
    keywords = "entropies",
    month = "may",
    number = "20",
    pages = "200501",
    title = "One-Shot Classical-Quantum Capacity and Hypothesis Testing",
    volume = "108",
    year = "2012",
    archiveprefix = "arXiv",
    arxivid = "1007.5456",
    eprint = "1007.5456"
}

@article{Watrous2009_sdps,
    author = "Watrous, J.",
    doi = "10.4086/toc.2009.v005a011",
    journal = "Theory of Computing",
    keywords = "diamond norm,sdp,semidefinite programs",
    month = "nov",
    number = "11",
    pages = "217--238",
    publisher = "Theory of Computing",
    title = "Semidefinite Programs for Completely Bounded Norms",
    volume = "5",
    year = "2009",
    archiveprefix = "arXiv",
    arxivid = "0901.4709",
    eprint = "0901.4709"
}

@article{Weilenmann2016PRL_axiomatic,
    author = "Weilenmann, M. and Kraemer, L. and Faist, P. and Renner, R.",
    doi = "10.1103/PhysRevLett.117.260601",
    journal = "Physical Review Letters",
    month = "dec",
    number = "26",
    pages = "260601",
    title = "Axiomatic Relation between Thermodynamic and Information-Theoretic Entropies",
    volume = "117",
    year = "2016",
    archiveprefix = "arXiv",
    arxivid = "1501.06920",
    eprint = "1501.06920"
}

@incollection{Weilenmann2018_smooth,
    author = {Weilenmann, M. and Kr{\"a}mer, L. and Renner, R.},
    editor = "Binder, Felix and Correa, Luis A. and Gogolin, Christian and Anders, Janet and Adesso, Gerardo",
    address = "Heidelberg",
    booktitle = "Thermodynamics in the Quantum Regime",
    chapter = "32",
    doi = "10.1007/978-3-319-99046-0_32",
    isbn = "978-3-319-99046-0",
    keywords = "previously--Weilenmann2018arXiv_smooth",
    pages = "773--798",
    publisher = "Springer, Cham",
    title = "Smooth Entropy in Axiomatic Thermodynamics",
    year = "2018",
    archiveprefix = "arXiv",
    arxivid = "1807.07583",
    eprint = "1807.07583"
}

@article{Winter2016PRL_coherence,
    author = "Winter, A. and Yang, D.",
    doi = "10.1103/PhysRevLett.116.120404",
    journal = "Physical Review Letters",
    month = "mar",
    number = "12",
    pages = "120404",
    title = "Operational Resource Theory of Coherence",
    volume = "116",
    year = "2016",
    archiveprefix = "arXiv",
    arxivid = "1506.07975",
    eprint = "1506.07975"
}

@article{YungerHalpern2016NatComm_NATSandNATO,
    author = "Yunger Halpern, N. and Faist, P. and Oppenheim, J. and Winter, A.",
    doi = "10.1038/ncomms12051",
    journal = "Nature Communications",
    month = "jul",
    pages = "12051",
    title = "Microcanonical and resource-theoretic derivations of the thermal state of a quantum system with noncommuting charges",
    volume = "7",
    year = "2016",
    archiveprefix = "arXiv",
    arxivid = "1512.01189",
    eprint = "1512.01189"
}

@article{YungerHalpern2016PRE_beyond,
    author = "Yunger Halpern, N. and Renes, J. M.",
    doi = "10.1103/PhysRevE.93.022126",
    journal = "Physical Review E",
    month = "feb",
    number = "2",
    pages = "022126",
    title = "Beyond heat baths: {G}eneralized resource theories for small-scale thermodynamics",
    volume = "93",
    year = "2016",
    archiveprefix = "arXiv",
    arxivid = "1409.3998",
    eprint = "1409.3998"
}
